@book{engquist2001mathematics,
abstract = {This work contains opinions of leading researchers in mathematics and related fields addressing the question, "What is the future of mathematics in the new millenium?" Nonlinear Continuum Physics / Stuart S. Antman -- Computational Mechanics: Where Is It Going? / Ivo Babuska and J. Tinsley Oden -- From Finite Sets to Feynman Diagrams / John C. Baez and James Dolan -- Experimental Mathematics: Recent Developments and Future Outlook / David H. Bailey and Jonathan M. Borwein -- Mathematical Aspects of Econometrics / Badi H. Baltagi -- Quantum Information / Ole E. Barndorff-Nielsen, Richard D. Gill and Peter E. Jupp -- p-Adic L-Functions of Modular Elliptic Curves / Massimo Bertolini and Henri Darmon -- Basis for a New Relationship Between Mathematics and Society / Jean-Pierre Bourguignon -- New Issues in the Mathematics of Control / Roger Brockett.},
address = {Berlin New York},
author = {Moschovakis, Yiannis N. and Moschovakis, Yiannis N},
booktitle = {What is an algorithm?},
isbn = {9783540669135},
pages = {919 -- 936},
publisher = {Springer},
title = {{Mathematics Unlimited â€” 2001 and beyond}},
url = {http://citeseer.ist.psu.edu/viewdoc/summary?doi=10.1.1.32.8093},
year = {2001}
}
